%% This BibTeX bibliography file was created using BibDesk.
%% http://bibdesk.sourceforge.net/

%% Created for Lijing Chen at 2017-11-20 11:31:49 +0000 


%% Saved with string encoding Unicode (UTF-8) 

@misc{Tieleman2012,
  title={{Lecture 6.5---RmsProp: Divide the gradient by a running average of its recent magnitude}},
  author={Tieleman, T. and Hinton, G.},
  howpublished={COURSERA: Neural Networks for Machine Learning},
  year={2012}
}

@article{rprop,
author = {Riedmiller, Martin and Braun, Heinrich},
year = {1992},
month = {12},
pages = {},
title = {RPROP - A Fast Adaptive Learning Algorithm},
volume = {VII.},
booktitle = {Proc. of the Int. Symposium on Computer and Information Science}
}

@article{im2col,
	Author = {Kumar Chellapilla, Sidd Puri, Patrice Simard.},
	Date-Added = {2017-11-20 11:29:45 +0000},
	Date-Modified = {2017-11-20 11:30:32 +0000},
	Journal = {Guy Lorette. Tenth International Workshop on Frontiers in Handwriting Recognition},
	Title = {Performance Convolutional Neural Networks for Document Processing.},
	Year = {Oct 2006}}

@article{cite-key,
	Date-Added = {2017-11-20 11:29:14 +0000},
	Date-Modified = {2017-11-20 11:29:23 +0000}}

@inproceedings{langley00,
	Address = {Stanford, CA},
	Author = {P. Langley},
	Booktitle = {Proceedings of the 17th International Conference on Machine Learning (ICML 2000)},
	Editor = {Pat Langley},
	Pages = {1207--1216},
	Publisher = {Morgan Kaufmann},
	Title = {Crafting Papers on Machine Learning},
	Year = {2000}}

@techreport{mitchell80,
	Address = {New Brunswick, MA},
	Author = {T. M. Mitchell},
	Institution = {Computer Science Department, Rutgers University},
	Title = {The Need for Biases in Learning Generalizations},
	Year = {1980}}

@phdthesis{kearns89,
	Author = {M. J. Kearns},
	School = {Department of Computer Science, Harvard University},
	Title = {Computational Complexity of Machine Learning},
	Year = {1989}}

@book{MachineLearningI,
	Address = {Palo Alto, CA},
	Editor = {R. S. Michalski and J. G. Carbonell and T. M. Mitchell},
	Publisher = {Tioga},
	Title = {Machine Learning: An Artificial Intelligence Approach, Vol. I},
	Year = {1983}}

@book{DudaHart2nd,
	Author = {R. O. Duda and P. E. Hart and D. G. Stork},
	Edition = {2nd},
	Publisher = {John Wiley and Sons},
	Title = {Pattern Classification},
	Year = {2000}}

@misc{anonymous,
	Author = {Author, N. N.},
	Title = {Suppressed for Anonymity},
	Year = {2011}}

@incollection{Newell81,
	Address = {Hillsdale, NJ},
	Author = {A. Newell and P. S. Rosenbloom},
	Booktitle = {Cognitive Skills and Their Acquisition},
	Chapter = {1},
	Editor = {J. R. Anderson},
	Pages = {1--51},
	Publisher = {Lawrence Erlbaum Associates, Inc.},
	Title = {Mechanisms of Skill Acquisition and the Law of Practice},
	Year = {1981}}

@article{Samuel59,
	Author = {A. L. Samuel},
	Journal = {IBM Journal of Research and Development},
	Number = {3},
	Pages = {211--229},
	Title = {Some Studies in Machine Learning Using the Game of Checkers},
	Volume = {3},
	Year = {1959}}

@article{2017arXiv170602515K,
	Adsnote = {Provided by the SAO/NASA Astrophysics Data System},
	Adsurl = {http://adsabs.harvard.edu/abs/2017arXiv170602515K},
	Archiveprefix = {arXiv},
	Author = {{Klambauer}, G. and {Unterthiner}, T. and {Mayr}, A. and {Hochreiter}, S.},
	Eprint = {1706.02515},
	Journal = {ArXiv e-prints},
	Keywords = {Computer Science - Learning, Statistics - Machine Learning},
	Month = jun,
	Primaryclass = {cs.LG},
	Title = {{Self-Normalizing Neural Networks}},
	Year = 2017}

@article{2015arXiv151107289C,
	Adsnote = {Provided by the SAO/NASA Astrophysics Data System},
	Adsurl = {http://adsabs.harvard.edu/abs/2015arXiv151107289C},
	Archiveprefix = {arXiv},
	Author = {{Clevert}, D.-A. and {Unterthiner}, T. and {Hochreiter}, S.},
	Eprint = {1511.07289},
	Journal = {ArXiv e-prints},
	Keywords = {Computer Science - Learning},
	Month = nov,
	Primaryclass = {cs.LG},
	Title = {{Fast and Accurate Deep Network Learning by Exponential Linear Units (ELUs)}},
	Year = 2015}

@inproceedings{Maas13rectifiernonlinearities,
	Author = {Andrew L. Maas and Awni Y. Hannun and Andrew Y. Ng},
	Booktitle = {in ICML Workshop on Deep Learning for Audio, Speech and Language Processing},
	Title = {Rectifier nonlinearities improve neural network acoustic models},
	Year = {2013}}

@inproceedings{icml2010_NairH10,
	Author = {Vinod Nair and Geoffrey E. Hinton},
	Booktitle = {Proceedings of the 27th International Conference on Machine Learning (ICML-10)},
	Editor = {Johannes F{\"u}rnkranz and Thorsten Joachims},
	Pages = {807-814},
	Publisher = {Omnipress},
	Title = {Rectified Linear Units Improve Restricted Boltzmann Machines},
	Url = {http://www.icml2010.org/papers/432.pdf},
	Year = {2010},
	Bdsk-Url-1 = {http://www.icml2010.org/papers/432.pdf}}

@inproceedings{Glorot10understandingthe,
	Author = {Xavier Glorot and Yoshua Bengio},
	Booktitle = {In Proceedings of the International Conference on Artificial Intelligence and Statistics (AISTATS'10). Society for Artificial Intelligence and Statistics},
	Title = {Understanding the difficulty of training deep feedforward neural networks},
	Year = {2010}}

@article{JMLR:v15:srivastava14a,
	Author = {Nitish Srivastava and Geoffrey Hinton and Alex Krizhevsky and Ilya Sutskever and Ruslan Salakhutdinov},
	Journal = {Journal of Machine Learning Research},
	Pages = {1929-1958},
	Title = {Dropout: A Simple Way to Prevent Neural Networks from Overfitting},
	Url = {http://jmlr.org/papers/v15/srivastava14a.html},
	Volume = {15},
	Year = {2014},
	Bdsk-Url-1 = {http://jmlr.org/papers/v15/srivastava14a.html}}

@article{DBLP:journals/corr/IoffeS15,
	Archiveprefix = {arXiv},
	Author = {Sergey Ioffe and Christian Szegedy},
	Bibsource = {dblp computer science bibliography, http://dblp.org},
	Biburl = {http://dblp.org/rec/bib/journals/corr/IoffeS15},
	Eprint = {1502.03167},
	Journal = {CoRR},
	Timestamp = {Wed, 07 Jun 2017 14:40:49 +0200},
	Title = {Batch Normalization: Accelerating Deep Network Training by Reducing Internal Covariate Shift},
	Url = {http://arxiv.org/abs/1502.03167},
	Volume = {abs/1502.03167},
	Year = {2015},
	Bdsk-Url-1 = {http://arxiv.org/abs/1502.03167}}

@article{DBLP:journals/corr/KingmaB14,
	Archiveprefix = {arXiv},
	Author = {Diederik P. Kingma and Jimmy Ba},
	Bibsource = {dblp computer science bibliography, http://dblp.org},
	Biburl = {http://dblp.org/rec/bib/journals/corr/KingmaB14},
	Eprint = {1412.6980},
	Journal = {CoRR},
	Timestamp = {Wed, 07 Jun 2017 14:40:52 +0200},
	Title = {Adam: {A} Method for Stochastic Optimization},
	Url = {http://arxiv.org/abs/1412.6980},
	Volume = {abs/1412.6980},
	Year = {2014},
	Bdsk-Url-1 = {http://arxiv.org/abs/1412.6980}}
	
	
@INPROCEEDINGS{Lecun98gradient-basedlearning,
    author = {Yann Lecun and LÃ©on Bottou and Yoshua Bengio and Patrick Haffner},
    title = {Gradient-based learning applied to document recognition},
    booktitle = {Proceedings of the IEEE},
    year = {1998},
    pages = {2278--2324}
}


@book{Goodfellow-et-al-2016,
    title={Deep Learning},
    author={Ian Goodfellow and Yoshua Bengio and Aaron Courville},
    publisher={MIT Press},
    note={\url{http://www.deeplearningbook.org}},
    year={2016}
}


@article{DBLP:journals/corr/CohenATS17,
  author    = {Gregory Cohen and
               Saeed Afshar and
               Jonathan Tapson and
               Andr{\'{e}} van Schaik},
  title     = {{EMNIST:} an extension of {MNIST} to handwritten letters},
  journal   = {CoRR},
  volume    = {abs/1702.05373},
  year      = {2017},
  url       = {http://arxiv.org/abs/1702.05373},
  archivePrefix = {arXiv},
  eprint    = {1702.05373},
  timestamp = {Wed, 07 Jun 2017 14:41:07 +0200},
  biburl    = {http://dblp.org/rec/bib/journals/corr/CohenATS17},
  bibsource = {dblp computer science bibliography, http://dblp.org}
}

